@article{ 
	GameTheory,
		author = "Pier Paolo Ippolito",
		title  = "Game Theory in Artificial Intelligence",
		year   = "2019",
		url    = "https://towardsdatascience.com/game-theory-in-artificial-intelligence-57a7937e1b88"}
@article{
	MiniMax,
		author = "Akshay L. Aradhya",
		title  = "Minimax Algorithm in Game Theory | Set 1 (Introduction)",
		year   = "2019",
		url    = "https://www.geeksforgeeks.org/minimax-algorithm-in-game-theory-set-1-introduction/"
}
@article{
	MiniMaxWiki,
		author = "Wikipedia",
		title  = "Minimax",
		year   = "2021",
		url    = "https://en.wikipedia.org/wiki/Minimax"
}

@article{
	AlphaBeta,
		author = "Wikipedia",
		title  = "Alphaâ€“beta pruning",
		year   = "2021",
		url    = "https://en.wikipedia.org/wiki/Alpha\%E2\%80\%93beta_pruning"
}
